% References

@inproceedings{ihantola-2010-autograding-survey,
 author = {Ihantola, Petri and Ahoniemi, Tuukka and Karavirta, Ville and Sepp\"{a}l\"{a}, Otto},
 title = {Review of Recent Systems for Automatic Assessment of Programming Assignments},
 booktitle = {Proceedings of the 10th Koli Calling International Conference on Computing Education Research},
 series = {Koli Calling '10},
 year = {2010},
 isbn = {978-1-4503-0520-4},
 location = {Koli, Finland},
 pages = {86--93},
 numpages = {8},
 url = {http://doi.acm.org/10.1145/1930464.1930480},
 doi = {10.1145/1930464.1930480},
 acmid = {1930480},
 publisher = {ACM},
 address = {New York, NY, USA},
}                   

